<?xml version="1.0" encoding="UTF-8"?><collection xmlns="http://www.loc.gov/MARC21/slim"><record><leader>00581nam--2200205-i-4500</leader><controlfield tag="001">000012245</controlfield><controlfield tag="002">20161230</controlfield><controlfield tag="005">20161230201029</controlfield><controlfield tag="008">060222s1000------------r-----000-0-rus-d</controlfield><datafield ind1=" " ind2=" " tag="040"><subfield code="a">IFIN-HH</subfield></datafield><datafield ind1=" " ind2=" " tag="041"><subfield code="a">rus</subfield></datafield><datafield ind1=" " ind2=" " tag="080"><subfield code="a">533.9</subfield></datafield><datafield ind1="1" ind2=" " tag="100"><subfield code="a">Allis, William P</subfield></datafield><datafield ind1="1" ind2="0" tag="245"><subfield code="a">Volni v anizotropnoi plazme</subfield><subfield code="c">William P. Allis, Solomon J. Buchsbaum, Abraham Bers</subfield></datafield><datafield ind1=" " ind2=" " tag="260"><subfield code="a">Moskva</subfield><subfield code="b">Amoizdat</subfield><subfield code="c">1966</subfield></datafield><datafield ind1=" " ind2=" " tag="300"><subfield code="a">311 p</subfield></datafield><datafield ind1=" " ind2=" " tag="500"><subfield code="a">Titlul original in lb. engleza: Waves in Anisotropic Plasmas</subfield></datafield><datafield ind1="1" ind2=" " tag="700"><subfield code="a">Bers, Abraham</subfield></datafield><datafield ind1=" " ind2=" " tag="852"><subfield code="a">24730</subfield><subfield code="c">533.9</subfield></datafield><datafield ind1=" " ind2=" " tag="CAT"><subfield code="a">Sys</subfield><subfield code="c">20100922</subfield><subfield code="h">124138</subfield></datafield></record></collection>